@article{sahlgren2008distributional,
  title={The distributional hypothesis},
  author={Sahlgren, Magnus},
  journal={Italian Journal of Disability Studies},
  volume={20},
  pages={33--53},
  year={2008}
}
